<?xml version="1.0" encoding="UTF-8"?>
<record xmlns="http://www.loc.gov/MARC21/slim" xmlns:xsi="http://www.w3.org/2001/XMLSchema-instance" xsi:schemaLocation="http://www.loc.gov/MARC21/slim http://www.loc.gov/standards/marcxml/schema/MARC21slim.xsd">
<leader>     cam a2200289   4500</leader>
<controlfield tag="001">001676706</controlfield>
<controlfield tag="003">NNU</controlfield>
<controlfield tag="005">19970426002338.0</controlfield>
<controlfield tag="008">831231 19659999iq            000 0 ara u</controlfield>
<datafield tag="010" ind1=" " ind2=" ">
<subfield code="a">72223534 /NE</subfield>
</datafield>
<datafield tag="035" ind1=" " ind2=" ">
<subfield code="a">(CU)GLAD83471</subfield>
</datafield>
<datafield tag="035" ind1=" " ind2=" ">
<subfield code="a">(CStRLIN)CUBG83-B14920</subfield>
</datafield>
<datafield tag="035" ind1="9" ind2=" ">
<subfield code="a">NYUb12220066</subfield>
</datafield>
<datafield tag="100" ind1="1" ind2=" ">
<subfield code="a">ʻAwwād, Kūrkīs.</subfield>
</datafield>
<datafield tag="245" ind1="1" ind2="0">
<subfield code="a">Fihrist al-makhṭūtāt al-ʻArabīyah fī khizānat Qāsim Muḥammad al-Rajab bi-Baghdād,</subfield>
<subfield code="c">bi-qalam Kūrkīs ʻAwwād</subfield>
</datafield>
<datafield tag="260" ind1=" " ind2=" ">
<subfield code="a">[Baghdād]</subfield>
<subfield code="b">Maṭbaʻat al-Majmaʻ al-ʻIlmī al-ʻIrāqī</subfield>
<subfield code="c">1965-</subfield>
</datafield>
<datafield tag="300" ind1=" " ind2=" ">
<subfield code="a">v.</subfield>
<subfield code="c">25 cm</subfield>
</datafield>
<datafield tag="490" ind1="1" ind2=" ">
<subfield code="a">Maṭbūʻāt al-Majmaʻ al-ʻIlmī al-ʻIrāqī</subfield>
</datafield>
<datafield tag="500" ind1=" " ind2=" ">
<subfield code="a">Vol.1: "Muqtaṭaf min al-mujallad al-thānī ʻashar min Majallat al-Majmaʻ al-ʻIlmī al-ʻIrāqī"</subfield>
</datafield>
<datafield tag="500" ind1=" " ind2=" ">
<subfield code="a">Vols. 2-3 lack series statement</subfield>
</datafield>
<datafield tag="500" ind1=" " ind2=" ">
<subfield code="a">Vol.2 published by Maṭbaʻat al-Irshād</subfield>
</datafield>
<datafield tag="500" ind1=" " ind2=" ">
<subfield code="a">Vol.2 has t.p. in English</subfield>
</datafield>
<datafield tag="500" ind1=" " ind2=" ">
<subfield code="a">Vol.3 published in Beirut</subfield>
</datafield>
<datafield tag="650" ind1=" " ind2="0">
<subfield code="a">Manuscripts, Arabic</subfield>
<subfield code="z">Iraq</subfield>
<subfield code="z">Baghdad</subfield>
<subfield code="v">Catalogs.</subfield>
</datafield>
<datafield tag="700" ind1="1" ind2=" ">
<subfield code="a">Rajab, Qāsim Muḥammad,</subfield>
<subfield code="d">1917-</subfield>
</datafield>
<datafield tag="830" ind1=" " ind2="0">
<subfield code="a">Maṭbūʻāt al-Majmaʻ al-ʻIlmī al-ʻIrāqī.</subfield>
</datafield>
<datafield tag="OWN" ind1=" " ind2=" ">
<subfield code="a">GENERAL</subfield>
</datafield>
<datafield tag="987" ind1=" " ind2=" ">
<subfield code="a">card : question?</subfield>
<subfield code="b">volume 1 and volume 2 barcodes at top of card?</subfield>
</datafield>
<datafield tag="998" ind1=" " ind2=" ">
<subfield code="s">9115</subfield>
</datafield>
<datafield tag="AVA" ind1=" " ind2=" ">
<subfield code="a">NYU50</subfield>
<subfield code="b">BOBST</subfield>
<subfield code="c">Main Collection</subfield>
<subfield code="d">Z6623.R27 A9</subfield>
<subfield code="e">unavailable</subfield>
<subfield code="t">Unavailable</subfield>
<subfield code="f">1</subfield>
<subfield code="g">1</subfield>
<subfield code="h">Y</subfield>
<subfield code="i">0</subfield>
<subfield code="j">MAIN</subfield>
<subfield code="k">0</subfield>
</datafield>
</record>
